@article{hindmarsh2005lsoda,
  title={LSODA, ordinary differential equation solver for stiff or non-stiff system},
  author={Hindmarsh, AC and Petzold, LR},
  year={2005}
}

@book{gautschi2012numerical,
  title={Numerical analysis},
  author={Gautschi, Walter},
  year={2012},
  publisher={Springer Science \& Business Media}
}

 @misc{govuk,
 title={Vaccine update: Issue 322, June 2021, COVID-19 Phase 2 special edition},
 url={https://www.gov.uk/government/publications/vaccine-update-issue-322-june-2021-covid-19-phase-2-special-edition/vaccine-update-issue-322-june-2021-covid-19-phase-2-special-edition},
 journal={GOV.UK}}
 
 @article{verity2020,
  title={Estimates of the severity of coronavirus disease 2019: a model-based analysis},
  author={Verity, Robert and Okell, Lucy C and Dorigatti, Ilaria and Winskill, Peter and Whittaker, Charles and Imai, Natsuko and Cuomo-Dannenburg, Gina and Thompson, Hayley and Walker, Patrick GT and Fu, Han and others},
  journal={The Lancet infectious diseases},
  volume={20},
  number={6},
  pages={669--677},
  year={2020},
  publisher={Elsevier}
}

@article{Davies2020,
  doi = {10.1016/s2468-2667(20)30133-x},
  url = {https://doi.org/10.1016/s2468-2667(20)30133-x},
  year = {2020},
  month = jul,
  publisher = {Elsevier {BV}},
  volume = {5},
  number = {7},
  pages = {e375--e385},
  author = {Nicholas G Davies and Adam J Kucharski and Rosalind M Eggo and Amy Gimma and W John Edmunds and Thibaut Jombart and Kathleen O{\textquotesingle}Reilly and Akira Endo and Joel Hellewell and Emily S Nightingale and Billy J Quilty and Christopher I Jarvis and Timothy W Russell and Petra Klepac and Nikos I Bosse and Sebastian Funk and Sam Abbott and Graham F Medley and Hamish Gibbs and Carl A B Pearson and Stefan Flasche and Mark Jit and Samuel Clifford and Kiesha Prem and Charlie Diamond and Jon Emery and Arminder K Deol and Simon R Procter and Kevin van Zandvoort and Yueqian Fiona Sun and James D Munday and Alicia Rosello and Megan Auzenbergs and Gwen Knight and Rein M G J Houben and Yang Liu},
  title = {Effects of non-pharmaceutical interventions on {COVID}-19 cases,  deaths,  and demand for hospital services in the {UK}: a modelling study},
  journal = {The Lancet Public Health}
}
